
@inproceedings{temkinMetrizationDifferentialPluriforms2016a,
  title = {Metrization of {{Differential Pluriforms}} on {{Berkovich Analytic Spaces}}},
  booktitle = {Nonarchimedean and {{Tropical Geometry}}},
  author = {Temkin, Michael},
  editor = {Baker, Matthew and Payne, Sam},
  date = {2016},
  series = {Simons {{Symposia}}},
  pages = {195--285},
  publisher = {{Springer International Publishing}},
  location = {{Cham}},
  doi = {10.1007/978-3-319-30945-3_8},
  isbn = {978-3-319-30945-3},
  langid = {english},
  keywords = {Berkovich analytic spaces,Kähler seminorms,Pluriforms,Skeletons},
}
	
@incollection{nicaiseBerkovichSkeletaBirational2016,
  title = {Berkovich {{Skeleta}} and {{Birational Geometry}}},
  booktitle = {Nonarchimedean and {{Tropical Geometry}}},
  author = {Nicaise, Johannes},
  editor = {Baker, Matthew and Payne, Sam},
  date = {2016},
  series = {Simons {{Symposia}}},
  pages = {173--194},
  publisher = {{Springer International Publishing}},
  location = {{Cham}},
  doi = {10.1007/978-3-319-30945-3_7},
  isbn = {978-3-319-30944-6 978-3-319-30945-3},
  langid = {english}
}


@article{bakerWeightFunctionsBerkovich2016,
  title = {Weight Functions on {{Berkovich}} Curves},
  author = {Baker, Matthew and Nicaise, Johannes},
  date = {2016},
  journaltitle = {Algebra \& Number Theory},
  volume = {10},
  number = {10},
  pages = {2053--2079},
  publisher = {{MATHEMATICAL SCIENCE PUBL}},
  location = {{BERKELEY}},
  issn = {1937-0652},
  doi = {10.2140/ant.2016.10.2053},
  langid = {english},
  keywords = {Berkovich spaces,Degenerations of curves,Mathematics,Physical Sciences,Science & Technology,Tropical geometry}
}



@article{mustataWeightFunctionsNonArchimedean2015,
  title = {Weight Functions on Non-{{Archimedean}} Analytic Spaces and the {{Kontsevich-Soibelman}} Skeleton},
  author = {Mustaţă, Mircea and Nicaise, Johannes},
  date = {2015},
  journaltitle = {Algebraic Geometry},
  shortjournal = {Algebr. Geom.},
  volume = {2},
  number = {3},
  pages = {365--404},
  issn = {2313-1691},
  doi = {10.14231/AG-2015-016},
  langid = {english},
  keywords = {13A18,14F17,14G22}
}






