@book{liu,
  title={Algebraic geometry and arithmetic curves},
  author={Qing Liu and others},
  volume={6},
  year={2002},
  publisher={Oxford University Press on Demand}
}
@book{silvermanarithmetic,
	edition = {2},
	title = {The Arithmetic of Elliptic Curves},
	series = {Graduate Texts in Mathematics},
	number = {106},
	publisher = {Springer},
	author = {{Joseph H. Silverman}}
}
@inproceedings{conrad2008several,
  title={Several approaches to non-archimedean geometry},
  author={Conrad, Brian},
  booktitle={𝑝-adic geometry},
  pages={9--63},
  year={2008}
}
