	
@incollection{bakerarizona,
	location = {Providence, Rhode Island},
	title = {An introduction to Berkovich analytic spaces and non-archimedean potential theory on curves},
	volume = {45},
	isbn = {978-0-8218-4468-7 978-1-4704-1836-6},
	url = {http://www.ams.org/ulect/045},
	series = {University Lecture Series},
	booktitle = {p-adic Geometry},
	publisher = {American Mathematical Society},
	author = {Baker, Matthew},
	editor = {Savitt, David and Thakur, Dinesh},
	urldate = {2021-09-29},
	date = {2008-08-27},
	langid = {english},
	doi = {10.1090/ulect/045},
}

@book{liuAlgebraicGeometryArithmetic2002,
  title = {Algebraic Geometry and Arithmetic Curves},
  author = {Liu, Qing},
  date = {2002},
  series = {Oxford Science Publications},
  number = {6},
  publisher = {{Oxford University Press}},
  location = {{Oxford ; New York}},
  isbn = {978-0-19-850284-5},
  langid = {english},
  pagetotal = {576},
  keywords = {Arithmetical algebraic geometry,Curves; Algebraic},
  annotation = {OCLC: ocm48532798}
}



	
@book{silverman,
	edition = {2},
	title = {The Arithmetic of Elliptic Curves},
	series = {Graduate Texts in Mathematics},
	number = {106},
	publisher = {Springer},
	author = {{Joseph H. Silverman}}
}

@book{silvermanAdvancedTopicsArithmetic1994,
	location = {New York},
	title = {Advanced topics in the arithmetic of elliptic curves},
	isbn = {978-0-387-94325-1 978-3-540-94325-9 978-0-387-94328-2 978-3-540-94328-0},
	series = {Graduate texts in mathematics},
	pagetotal = {525},
	number = {151},
	publisher = {Springer-Verlag},
	author = {Silverman, Joseph H.},
	date = {1994},
	langid = {english},
	keywords = {Arithmetic, Curves, Algebraic, Curves, Elliptic},
}
@book{kollar,
	location = {Princeton},
	title = {Lectures on resolution of singularities},
	isbn = {978-0-691-12922-8 978-0-691-12923-5},
	series = {Annals of mathematics studies},
	pagetotal = {208},
	number = {166},
	publisher = {Princeton University Press},
	author = {Kollár, János},
	date = {2007},
	langid = {english},
	keywords = {Singularities (Mathematics)},
}
@book{hartshorneAlgebraicGeometry1977,
	location = {New York, {NY}},
	title = {Algebraic Geometry},
	volume = {52},
	isbn = {978-1-4419-2807-8 978-1-4757-3849-0},
	url = {http://link.springer.com/10.1007/978-1-4757-3849-0},
	series = {Graduate Texts in Mathematics},
	publisher = {Springer New York},
	author = {Hartshorne, Robin},
	urldate = {2021-11-21},
	date = {1977},
	langid = {english},
	doi = {10.1007/978-1-4757-3849-0},
}


@article{bakerStructureNonarchimedeanAnalytic2013,
	title = {On the structure of nonarchimedean analytic curves},
	volume = {605},
	url = {http://arxiv.org/abs/1404.0279},
	doi = {10.1090/conm/605/12113},
	pages = {93--121},
	journaltitle = {{arXiv}:1404.0279 [math]},
	author = {Baker, Matthew and Payne, Sam and Rabinoff, Joseph},
	urldate = {2021-10-19},
	date = {2013},
	eprinttype = {arxiv},
	eprint = {1404.0279},
	keywords = {Mathematics - Algebraic Geometry, 14G22 (primary) 11G20 (secondary)},
}


@incollection{nicaiseBerkovichSkeletaBirational2016,
	location = {Cham},
	title = {Berkovich Skeleta and Birational Geometry},
	isbn = {978-3-319-30944-6 978-3-319-30945-3},
	url = {http://link.springer.com/10.1007/978-3-319-30945-3_7},
	pages = {173--194},
	booktitle = {Nonarchimedean and Tropical Geometry},
	publisher = {Springer International Publishing},
	author = {Nicaise, Johannes},
	editor = {Baker, Matthew and Payne, Sam},
	urldate = {2021-09-29},
	date = {2016},
	langid = {english},
	doi = {10.1007/978-3-319-30945-3_7},
	note = {Series Title: Simons Symposia},
}

@article{bakerWeightFunctionsBerkovich2016,
  title = {Weight Functions on {{Berkovich}} Curves},
  author = {Baker, Matthew and Nicaise, Johannes},
  date = {2016},
  journaltitle = {Algebra \& Number Theory},
  volume = {10},
  number = {10},
  pages = {2053--2079},
  publisher = {{MATHEMATICAL SCIENCE PUBL}},
  location = {{BERKELEY}},
  issn = {1937-0652},
  doi = {10.2140/ant.2016.10.2053},
  langid = {english},
  keywords = {Berkovich spaces,Degenerations of curves,Mathematics,Physical Sciences,Science & Technology,Tropical geometry}
}






@incollection{conrad2008several,
  title = {Several Approaches to Non-Archimedean Geometry},
  booktitle = {p-Adic {{Geometry}}: {{Lectures}} from the 2007 {{Arizona Winter School}}},
  author = {Conrad, Brian},
  date = {2008-08-27},
  series = {University {{Lecture Series}}},
  volume = {45},
  publisher = {{American Mathematical Society}},
  issn = {1047-3998},
  doi = {10.1090/ulect/045},
  url = {https://www.ams.org/ulect/045},
  urldate = {2022-01-27},
  abstract = {Advancing research. Creating connections.},
  isbn = {978-0-8218-4468-7 978-0-8218-8301-3 978-1-4704-1836-6},
  langid = {english}
}






@book{boschLecturesFormalRigid2014,
	location = {Cham},
	title = {Lectures on Formal and Rigid Geometry},
	volume = {2105},
	isbn = {978-3-319-04416-3 978-3-319-04417-0},
	url = {http://link.springer.com/10.1007/978-3-319-04417-0},
	series = {Lecture Notes in Mathematics},
	publisher = {Springer International Publishing},
	author = {Bosch, Siegfried},
	urldate = {2021-11-05},
	date = {2014},
	langid = {english},
	doi = {10.1007/978-3-319-04417-0},
}




@article{temkinIntroductionBerkovichAnalytic2010,
  title = {Introduction to {{Berkovich Analytic Spaces}}},
  booktitle = {Berkovich {{Spaces}} and {{Applications}}},
  author = {Temkin, Michael},
  editor = {Ducros, Antoine and Favre, Charles and Nicaise, Johannes},
  date = {2015},
  series = {Lecture {{Notes}} in {{Mathematics}}},
  pages = {3--66},
  publisher = {{Springer International Publishing}},
  location = {{Cham}},
  doi = {10.1007/978-3-319-11029-5_1},
  url = {https://doi.org/10.1007/978-3-319-11029-5_1},
  urldate = {2022-01-27},
  isbn = {978-3-319-11029-5},
  langid = {english},
  keywords = {Adic Geometry,Affinoid Domain,Banach Ring,Berkovich Spaces,Space Analysis},
}








@misc{nicaiseNonarchimedeanGeometry2017,
  title = {Non-Archimedean Geometry},
  author = {Nicaise, Johannes},
  date = {2017},
  url = {https://www.imperial.ac.uk/people/j.nicaise/document/661/lecture_notes_LSGNT/?lecture_notes_LSGNT.pdf},
  abstract = {These are the lecture notes for an LSGNT/TCC course in the Winter term of 2017. Please report any typos or other errors you find!},
  langid = {english},
}



	
@thesis{wojciechwawrowBerkovicSpaces2020,
	location = {Oxford},
	title = {Berkovic spaces},
	url = {https://sites.google.com/view/wojtekwawrow/papers},
	abstract = {Dissertation for the Oxford Masters in Mathematical Sciences course},
	pagetotal = {28},
	institution = {Oxford University},
	type = {phdthesis},
	author = {{Wojciech Wawrów}},
	date = {2020},
}
	
@book{siegfriedboschNonArchimedeanAnalysisSystematic1984,
	edition = {1},
	title = {Non-Archimedean Analysis: A Systematic Approach to Rigid Analytic Geometry},
	volume = {261},
	series = {Grundlehren der mathematischen Wissenschaften},
	publisher = {Springer},
	author = {{Siegfried Bosch} and {Ulrich Güntzer} and {Reinhold Remmert}},
	date = {1984},
}


@article{temkinNewProofGerritzenGrauert2005,
	title = {A new proof of the Gerritzen-Grauert theorem},
	volume = {333},
	issn = {0025-5831, 1432-1807},
	url = {http://link.springer.com/10.1007/s00208-005-0660-4},
	doi = {10.1007/s00208-005-0660-4},
	pages = {261--269},
	number = {2},
	journaltitle = {Mathematische Annalen},
	shortjournal = {Math. Ann.},
	author = {Temkin, Michael},
	urldate = {2021-12-09},
	date = {2005-10},
	langid = {english},
}


@book{berkovichSpectralTheoryAnalytic2012,
  title = {Spectral Theory and Analytic Geometry over Non-{{Archimedean}} Fields},
  author = {Berkovich, Vladimir G.},
  date = {1990},
  journaltitle = {Mathematical Surveys and Monographs},
  volume = {33},
  publisher = {{American Mathematical Society}},
  location = {{Providence, RI}},
  issn = {0076-5376},
  isbn = {978-0-8218-1534-2},
  langid = {english},
  pagetotal = {ix + 169 p},
  zmnumber = {0715.14013},
  keywords = {affinoid algebras,Brubat-Tits building,nonarchimedean spectral theory,rigid analytic spaces},
  annotation = {MSC2010: 14G20 = Local ground fields in algebraic geometry MSC2010: 32P05 = Non-Archimedean analysis},
}




@online{amaurythuillierBrazilFranceSchoolWorkshop,
	title = {Brazil-France School and Workshop on Algebraic Geometry - Mini-course - Amaury Thuillier - Class 01 - {YouTube}},
	url = {https://www.youtube.com/watch?v=tbJhnxeyKsk},
	author = {{Thuillier, Amaury}},
	urldate = {2021-11-04},
}


@thesis{thuillierTheoriePotentielCourbes2005,
	title = {Théorie du potentiel sur les courbes en géométrie analytique non archimédienne. Applications à la théorie d'Arakelov},
	url = {https://tel.archives-ouvertes.fr/tel-00010990},
	institution = {Université Rennes 1},
	type = {phdthesis},
	author = {Thuillier, Amaury},
	urldate = {2022-01-25},
	date = {2005-10-13},
	langid = {french},
}


@book{robertCoursePadicAnalysis2000,
  title = {A {{Course}} in P-Adic {{Analysis}}},
  author = {Robert, Alain M.},
  date = {2000},
  series = {Graduate {{Texts}} in {{Mathematics}}},
  edition = {1},
  publisher = {{Springer}},
  urldate = {2022-01-28},
  isbn = {978-0-387-98669-2}
}
@incollection{nicaiseBerkovichSkeletaBirational2016,
  title = {Berkovich {{Skeleta}} and {{Birational Geometry}}},
  booktitle = {Nonarchimedean and {{Tropical Geometry}}},
  author = {Nicaise, Johannes},
  editor = {Baker, Matthew and Payne, Sam},
  date = {2016},
  series = {Simons {{Symposia}}},
  pages = {173--194},
  publisher = {{Springer International Publishing}},
  location = {{Cham}},
  doi = {10.1007/978-3-319-30945-3_7},
  isbn = {978-3-319-30944-6 978-3-319-30945-3},
  langid = {english}
}


@article{bakerWeightFunctionsBerkovich2016,
  title = {Weight Functions on {{Berkovich}} Curves},
  author = {Baker, Matthew and Nicaise, Johannes},
  date = {2016},
  journaltitle = {Algebra \& Number Theory},
  volume = {10},
  number = {10},
  pages = {2053--2079},
  publisher = {{MATHEMATICAL SCIENCE PUBL}},
  location = {{BERKELEY}},
  issn = {1937-0652},
  doi = {10.2140/ant.2016.10.2053},
  langid = {english},
  keywords = {Berkovich spaces,Degenerations of curves,Mathematics,Physical Sciences,Science & Technology,Tropical geometry}
}



@article{mustataWeightFunctionsNonArchimedean2015,
  title = {Weight Functions on Non-{{Archimedean}} Analytic Spaces and the {{Kontsevich-Soibelman}} Skeleton},
  author = {Mustaţă, Mircea and Nicaise, Johannes},
  date = {2015},
  journaltitle = {Algebraic Geometry},
  shortjournal = {Algebr. Geom.},
  volume = {2},
  number = {3},
  pages = {365--404},
  issn = {2313-1691},
  doi = {10.14231/AG-2015-016},
  langid = {english},
  keywords = {13A18,14F17,14G22}
}



@misc{stacks-project,
    shorthand    = {Stacks},
    author       = {The {Stacks Project Authors}},
    title        = {\textit{Stacks Project}},
    howpublished = {\url{https://stacks.math.columbia.edu}},
    year         = {2018},
}
	
@book{kollarBirationalGeometryAlgebraic1998,
  title = {Birational {{Geometry}} of {{Algebraic Varieties}}},
  author = {Kollár, Janos and Mori, Shigefumi},
  date = {1998},
  series = {Cambridge {{Tracts}} in {{Mathematics}}},
  publisher = {{Cambridge University Press}},
  location = {{Cambridge}},
  doi = {10.1017/CBO9780511662560},
  isbn = {978-0-521-63277-5}
}



@article{liuModelsCurvesFinitea,
  title = {Models of {{Curves}} and {{Finite Covers}}},
  author = {Liu, Qing and Lorenzini, Dino},
  pages = {42},
  url = {https://www.math.u-bordeaux.fr/~qliu/articles/modcove.pdf},
  langid = {english}
}


@article{deligneIrreducibilitySpaceCurves1969,
  title = {The Irreducibility of the Space of Curves of given Genus},
  author = {Deligne, P. and Mumford, D.},
  date = {1969-01},
  journaltitle = {Publications mathématiques de l'IHÉS},
  shortjournal = {Publications Mathématiques de l’Institut des Hautes Scientifiques},
  volume = {36},
  number = {1},
  pages = {75--109},
  issn = {0073-8301, 1618-1913},
  doi = {10.1007/BF02684599},
  langid = {english}
}


@unpublished{arzdorfAnotherProofSemistable2012,
  title = {Another Proof of the {{Semistable Reduction Theorem}}},
  author = {Arzdorf, Kai and Wewers, Stefan},
  date = {2012-11-19},
  eprint = {1211.4624},
  eprinttype = {arxiv},
  primaryclass = {math},
  url = {http://arxiv.org/abs/1211.4624},
  urldate = {2022-04-15},
  archiveprefix = {arXiv},
  keywords = {14H25; 11G20,Mathematics - Algebraic Geometry,Mathematics - Number Theory}
}

@book{matsumuraCommutativeAlgebra1980,
  title = {Commutative Algebra},
  author = {Matsumura, Hideyuki},
  date = {1980},
  series = {Mathematics Lecture Note Series ; 56},
  edition = {2d ed},
  publisher = {{Benjamin/Cummings Pub. Co}},
  location = {{Reading, Mass}},
  isbn = {978-0-8053-7026-3},
  pagetotal = {313},
  keywords = {Commutative algebra}
}

	
@inproceedings{temkinMetrizationDifferentialPluriforms2016a,
  title = {Metrization of {{Differential Pluriforms}} on {{Berkovich Analytic Spaces}}},
  booktitle = {Nonarchimedean and {{Tropical Geometry}}},
  author = {Temkin, Michael},
  editor = {Baker, Matthew and Payne, Sam},
  date = {2016},
  series = {Simons {{Symposia}}},
  pages = {195--285},
  publisher = {{Springer International Publishing}},
  location = {{Cham}},
  doi = {10.1007/978-3-319-30945-3_8},
  isbn = {978-3-319-30945-3},
  langid = {english},
  keywords = {Berkovich analytic spaces,Kähler seminorms,Pluriforms,Skeletons}
}





